<?xml version="1.0" encoding="UTF-8"?><record xmlns="http://www.loc.gov/MARC21/slim" xmlns:cinclude="http://apache.org/cocoon/include/1.0" xmlns:zs="http://www.loc.gov/zing/srw/">
  <leader>01136cz  a2200241n  4500</leader>
  <controlfield tag="001">n  83144036 </controlfield>
  <controlfield tag="003">DLC</controlfield>
  <controlfield tag="005">20150106065630.0</controlfield>
  <controlfield tag="008">830913n| acannaab           |n aba      </controlfield>
  <datafield tag="010" ind1=" " ind2=" ">
    <subfield code="a">n  83144036 </subfield>
  </datafield>
  <datafield tag="040" ind1=" " ind2=" ">
    <subfield code="a">DLC</subfield>
    <subfield code="b">eng</subfield>
    <subfield code="c">DLC</subfield>
    <subfield code="d">DLC</subfield>
  </datafield>
  <datafield tag="100" ind1="1" ind2="0">
    <subfield code="a">Berger, Horst</subfield>
  </datafield>
  <datafield tag="667" ind1=" " ind2=" ">
    <subfield code="a">THIS 1XX FIELD CANNOT BE USED UNDER RDA UNTIL THIS UNDIFFERENTIATED RECORD HAS BEEN HANDLED FOLLOWING THE GUIDELINES IN DCM Z1 008/32</subfield>
  </datafield>
  <datafield tag="670" ind1=" " ind2=" ">
    <subfield code="a">[Author of Gebietserneuerung, 1974-1984]</subfield>
  </datafield>
  <datafield tag="670" ind1=" " ind2=" ">
    <subfield code="a">Gebietserneuerung 1974-1984, 1984:</subfield>
    <subfield code="b">t.p. (Horst Berger)</subfield>
  </datafield>
  <datafield tag="670" ind1=" " ind2=" ">
    <subfield code="a">[Co-author of El cultivo de la tuna, cactus pear]</subfield>
  </datafield>
  <datafield tag="670" ind1=" " ind2=" ">
    <subfield code="a">El cultivo de la tuna, cactus pear, 1993:</subfield>
    <subfield code="b">t.p. (Horst Berger)</subfield>
  </datafield>
  <datafield tag="670" ind1=" " ind2=" ">
    <subfield code="a">[Author of Light structures, structures of light]</subfield>
  </datafield>
  <datafield tag="670" ind1=" " ind2=" ">
    <subfield code="a">Light structures, structures of light, 1996:</subfield>
    <subfield code="b">t.p. (Horst Berger)</subfield>
  </datafield>
  <datafield tag="670" ind1=" " ind2=" ">
    <subfield code="a">[Author of 4000 km Hauptwanderwege der DDR]</subfield>
  </datafield>
  <datafield tag="670" ind1=" " ind2=" ">
    <subfield code="a">4000 [Viertausend] km Hauptwanderwege der DDR, 1960:</subfield>
    <subfield code="b">t.p. (Horst Berger)</subfield>
  </datafield>
  <datafield tag="670" ind1=" " ind2=" ">
    <subfield code="a">[Author of BeitraĚge zur Intensivierung der beruflichen ...]</subfield>
  </datafield>
  <datafield tag="670" ind1=" " ind2=" ">
    <subfield code="a">BeitraĚge zur Intensivierung der beruflichen ... 1964:</subfield>
    <subfield code="b">t.p. (Horst Berger)</subfield>
  </datafield>
</record>